@article{geiger2013vision,
  title={Vision meets robotics: The KITTI dataset},
  author={Geiger, Andreas and Lenz, Philip and Stiller, Christoph and Urtasun, Raquel},
  journal={The International Journal of Robotics Research},
  volume={32},
  number={11},
  pages={1231--1237},
  year={2013},
  publisher={Sage Publications Sage UK: London, England}
}

@article{zhao2017icnet,
  title={Icnet for real-time semantic segmentation on high-resolution images},
  author={Zhao, Hengshuang and Qi, Xiaojuan and Shen, Xiaoyong and Shi, Jianping and Jia, Jiaya},
  journal={arXiv preprint arXiv:1704.08545},
  year={2017}
}

@misc{kapoulkine2012pugixml,
  title={pugixml: Light-weight, simple and fast XML parser for C++ with XPath support},
  author={Kapoulkine, Arseny},
  year={2012},
  publisher={May}
}

@article{von2012lsd,
  title={LSD: a line segment detector},
  author={Von Gioi, Rafael Grompone and Jakubowicz, J{\'e}r{\'e}mie and Morel, Jean-Michel and Randall, Gregory},
  journal={Image Processing On Line},
  volume={2},
  pages={35--55},
  year={2012}
}

@inproceedings{magri2014t,
  title={T-linkage: A continuous relaxation of j-linkage for multi-model fitting},
  author={Magri, Luca and Fusiello, Andrea},
  booktitle={Proceedings of the IEEE conference on computer vision and pattern recognition},
  pages={3954--3961},
  year={2014}
}

@inproceedings{fumagalli2012modeling,
  title={Lane Marking Quality Assessment for Autonomous Driving},
  author={Li, Binbin and Song, Dezhen and  Li, Haifeng and Pike, Adam and  Carlson, Paul},
  booktitle={IEEE/RSJ International Conference on Intelligent Robots and Systems (IROS)},
  address =      {{Madrid, Spain, October, 1-5}},
  year={2018},
}
